@article{vinet,
  title={VINet: Visual-Inertial Odometry as a Sequence-to-Sequence Learning Problem},
  author={Ronald Clark, Sen Wang, Hongkai Wen, Andrew Markham, Niki Trigoni},
  journal={Proceedings of the Thirty-First AAAI Conference on Artificial Intelligence},
  year={2017}
}